@article{microraptor,
	Author = {Q. Li and K.-Q Gao and Q. Meng and J. A. Clarke and M. D. Shawkey and L. D'Alba and J. Vinther},
 	Journal = {Science},
	Pages = {1215â€“1219},
	Title = {Reconstruction of Microraptor and the Evolution of Iridescent Plumage},
    Volume = {335},
    Url = {https://sci-hub.se/http://dx.doi.org/10.1126/science.1213780},
    Urlaccessdate = {14 abr. 2023},
	Year = {2012}}